
@book{folland1995introduction,
  title={Introduction to partial differential equations},
  author={Folland, Gerald B},
  volume={102},
  year={1995},
  publisher={Princeton university press}
}



@book{weinstock1974calculus,
  title={Calculus of variations: with applications to physics and engineering},
  author={Weinstock, Robert},
  year={1974},
  publisher={Courier Corporation}
}



@article{roering2008well,
  title={How well can hillslope evolution models “explain” topography? Simulating soil transport and production with high-resolution topographic data},
  author={Roering, Joshua J},
  journal={Geological Society of America Bulletin},
  volume={120},
  number={9-10},
  pages={1248--1262},
  year={2008},
  publisher={Geological Society of America}
}



@article{onsager1931reciprocal,
  title={Reciprocal relations in irreversible processes. I.},
  author={Onsager, Lars},
  journal={Physical review},
  volume={37},
  number={4},
  pages={405},
  year={1931},
  publisher={APS}
}
